<marc:record xmlns:marc="http://www.loc.gov/MARC21/slim" xmlns:xsi="http://www.w3.org/2001/XMLSchema-instance" xsi:schemaLocation="http://www.loc.gov/MARC21/slim http://www.loc.gov/standards/marcxml/schema/MARC21slim.xsd">

  <marc:leader>00620nam a22     7a 4500</marc:leader>
  <marc:controlfield tag="001">1463746</marc:controlfield>
  <marc:controlfield tag="003">NL-AMISG</marc:controlfield>
  <marc:controlfield tag="005">20121127140708.0</marc:controlfield>
  <marc:controlfield tag="008">121126s2012    ne                  dut d</marc:controlfield>
  <marc:datafield ind1=" " ind2=" " tag="020">
    <marc:subfield code="a">978-90-6882-941-9</marc:subfield>
  </marc:datafield>
  <marc:datafield ind1=" " ind2=" " tag="040">
    <marc:subfield code="a">NL-AMISG</marc:subfield>
  </marc:datafield>
  <marc:datafield ind1=" " ind2=" " tag="041">
    <marc:subfield code="a">dut</marc:subfield>
  </marc:datafield>
  <marc:datafield ind1=" " ind2=" " tag="044">
    <marc:subfield code="a">ne</marc:subfield>
  </marc:datafield>
  <marc:datafield ind1="1" ind2=" " tag="100">
    <marc:subfield code="0">(NL-AMISG)2006055</marc:subfield>
    <marc:subfield code="a">Krabb,̌ Hendrik Maarten</marc:subfield>
    <marc:subfield code="b">c</marc:subfield>
    <marc:subfield code="d">e</marc:subfield>
    <marc:subfield code="f">k</marc:subfield>
    <marc:subfield code="l">m</marc:subfield>
    <marc:subfield code="n">o</marc:subfield>
    <marc:subfield code="p">q</marc:subfield>
    <marc:subfield code="r">s</marc:subfield>
    <marc:subfield code="t">v</marc:subfield>
    <marc:subfield code="x">y</marc:subfield>
    <marc:subfield code="z"/>
  </marc:datafield>
  <marc:datafield ind1="1" ind2="0" tag="245">
    <marc:subfield code="a">Reuzenland :</marc:subfield>
    <marc:subfield code="b">'Grootsch en heerlijk'- hoe een jonge kunstenar zich vergaapt aan het America van 1893 /</marc:subfield>
    <marc:subfield code="c">H.M. Krabbé.</marc:subfield>
  </marc:datafield>
  <marc:datafield ind1=" " ind2=" " tag="260">
    <marc:subfield code="a">Amsterdam :</marc:subfield>
    <marc:subfield code="b">Elsevier,</marc:subfield>
    <marc:subfield code="c">2012.</marc:subfield>
  </marc:datafield>
  <marc:datafield ind1=" " ind2=" " tag="300">
    <marc:subfield code="a">303 p.</marc:subfield>
  </marc:datafield>
  <marc:datafield ind1=" " ind2="0" tag="830">
    <marc:subfield code="0">(NL-AMISG)2006056</marc:subfield>
    <marc:subfield code="a">Elseviers Amerikaanse bibliotheek</marc:subfield>
    <marc:subfield code="d">f</marc:subfield>
    <marc:subfield code="g">k</marc:subfield>
    <marc:subfield code="l">m</marc:subfield>
    <marc:subfield code="n">o</marc:subfield>
    <marc:subfield code="p">r</marc:subfield>
    <marc:subfield code="s">t</marc:subfield>
    <marc:subfield code="v">x</marc:subfield>
    <marc:subfield code="y">z</marc:subfield>
  </marc:datafield>
  <marc:datafield ind1="4" ind2=" " tag="852">
    <marc:subfield code="a">IISG</marc:subfield>
    <marc:subfield code="b">IISG</marc:subfield>
    <marc:subfield code="c">PM</marc:subfield>
    <marc:subfield code="j">2011/3895</marc:subfield>
    <marc:subfield code="n">Available</marc:subfield>
    <marc:subfield code="p">2344980423894980890</marc:subfield>
  </marc:datafield>
  <marc:datafield ind1=" " ind2=" " tag="901">
    <marc:subfield code="a">1463746</marc:subfield>
    <marc:subfield code="b"/>
    <marc:subfield code="c">1463746</marc:subfield>
    <marc:subfield code="t">biblio</marc:subfield>
  </marc:datafield>
  <marc:datafield ind1=" " ind2=" " tag="902">
    <marc:subfield code="a">10622/4FE555E6-62AE-46BB-9052-72431C8073C0</marc:subfield>
  </marc:datafield>
</marc:record>
